@article{srp-mde-raaz-teng,
  author          = {Raazesh Sainudiin and Gloria Teng},
  journal         = {Japanese Journal of Statistics and Data Science},
  title           = {Minimum distance estimation with universal performance guarantees over statistical regular pavings},
  year            = {2019},
  DOI             = {\url{https://doi.org/10.1007/s42081-019-00054-y}}
}

@article{mrp-raaz-harlow-tucker,
  author          = {Jennifer Harlow and Raazesh Sainudiin and Warwick Tucker},
  journal         = {Reliable Computing},
  title           = {Mapped Regular Pavings},
  volume          = {16},
  pages           = {252-282},
  year            = {2012}
}

@unpublished{scala-density-tree,
  author          = {Raazesh Sainudiin and Warwick Tucker and Tilo Wiklund},
  title           = {Scalable Multivariate Histograms},
  year            = {2020},
  note            = {\url{http://lamastex.org/preprints/20180506_SparkDensityTree.pdf}}
}

@misc{github-spark-density-tree,
  author       = {Johannes Graner and Tilo Wiklund},
  howpublished = {\url{https://github.com/johannes-graner/SparkDensityTree}},
  title        = {SparkDensityTree, a Scala and Apache Spark library for distributed histogram estimation},
  year         = {2022}
}

@article{histogram-consistency-nobel-lugosi,
  author          = {Andrew Nobel and Gabor Lugosi},
  journal         = {The Annals of Statistics},
  title           = {Consistency of Data-Driven Histogram Methods for Density Estimation and Classification},
  volume          = {24},
  year            = {1996},
  pages           = {687-706},
}

@book{devroye-lugosi,
  author         = {Luc Devroye and Gabor Lugosi},
  publisher      = {Springer New York, NY},
  title          = {Combinatorial Methods in Density Estimation},
  year           = {2001},
  isbn           = {978-0-387-95117-1}
}