@book{toolbox-hammer,
  title = "C++ toolbox for verified computing: theory, algorithms, and programs",
  author = "R. Hammer et. al",
  year = "1995",
  publisher = "Springer-Verlag",
  address = "Berlin Heidelberg",
  isbn = "3-540-59110-9"
}

@techreport{sainudiin-phylo,
  author      = {Raazesh Sainudiin},
  institution = {Cornell University, Ithaca, USA},
  title       = {Enclosing the Maximum Likelihood of the Simplest DNA Model Evolving on Fixed Topologies: Towards a Rigorous Framework for Phylogenetic Inference},
  year        = {2004}
}

@misc{mrs2,
  author       = {Raazesh Sainudiin and Thomas York and Jennifer Harlow and Gloria Teng and Warwick Tucker and Dillon George},
  howpublished = {\url{https://github.com/lamastex/mrs2}},
  title        = {{MRS 2.0}, a {C++} class library for statistical set processing and computer-aided proofs in statistics}
}

@misc{maggy,
  author       = {Logical Clocks},
  howpublished = {\url{https://maggy.ai}},
  title        = {Maggy, a framework for distribution transparent machine learning experiments on Apache Spark}
}