@misc{trendcalculus,
  author       = {Andrew Morgan},
  howpublished = {\url{http://bytesumo.com/blog/2015/01/trendcalculus-data-science-studying-trends}},
  title        = {{TrendCalculus}: A data science for studying trends},
  year         = {2015}
}

@book{morgan-amend-mastering-spark,
  author         = {Andrew Morgan and Antoine Amend and David George and Matthew Hallett},
  publisher      = {Packt Publishing},
  title          = {Mastering Spark for Data Science},
  year           = {2017},
  isbn           = {1785882147}
}

@misc{spark-trendcalculus,
  author       = {Johannes Graner},
  howpublished = {\url{https://github.com/lamastex/spark-trend-calculus}},
  title        = {Spark Trend Calculus},
  year         = {2020}
}

@misc{histdata,
  author       = {HistData},
  howpublished = {\url{https://histdata.com}},
  title        = {Free Forex Historical Data},
  year         = {2022}
}

@misc{spark-trendcalculus-examples,
  author       = {Johannes Graner and Albert Nilsson and Raazesh Sainudiin},
  howpublished = {\url{https://lamastex.github.io/spark-trend-calculus-examples/}},
  title        = {Spark Trend Calculus Examples},
  year         = {2020}
}